@book{sayood2012introduction,
  title={Introduction to data compression},
  author={Sayood, Khalid},
  year={2012},
	publisher={Newnes}
}

@article{wang2002universal,
  title={A universal image quality index},
  author={Wang, Zhou and Bovik, Alan C},
  journal={Signal Processing Letters, IEEE},
  volume={9},
  number={3},
  pages={81--84},
  year={2002},
	doi={10.1109/97.995823}, 
  publisher={IEEE}
}

@article{wang2004image,
  title={Image quality assessment: from error visibility to structural similarity},
  author={Wang, Zhou and Bovik, Alan C and Sheikh, Hamid R and Simoncelli, Eero P},
  journal={Image Processing, IEEE Transactions on},
  volume={13},
  number={4},
  pages={600--612},
  year={2004},
	doi={10.1109/TIP.2003.819861}, 
  publisher={IEEE}
}

@inproceedings{lewis1995fast,
  title={Fast normalized cross-correlation},
  author={Lewis, JP},
  booktitle={Vision interface},
  volume={10(1)},
  pages={120--123},
  year={1995},
	doi={10.1.1.21.6062}
}

@article{loong2003understanding,
  title={Understanding sensitivity and specificity with the right side of the brain},
  author={Loong, Tze-Wey},
  journal={BMJ: British Medical Journal},
  volume={327},
  number={7417},
  pages={716},
  year={2003},
  publisher={BMJ Group}
}

@article{eskicioglu1995image,
  title={Image quality measures and their performance},
  author={Eskicioglu, Ahmet M and Fisher, Paul S},
  journal={Communications, IEEE Transactions on},
  volume={43},
  number={12},
  pages={2959--2965},
  year={1995},
  publisher={IEEE}
}

@inproceedings{thung2009survey,
  title={A survey of image quality measures},
  author={Thung, Kim-Han and Raveendran, Paramesran},
  booktitle={Technical Postgraduates (TECHPOS), 2009 International Conference for},
  pages={1--4},
  year={2009},
  organization={IEEE}
}

@article{sheikh2005information,
  title={Information theoretic approaches to image quality assessment},
  author={Sheikh, HR and Bovik, AC},
  journal={Bovik, AC Handbook of Image and Video Processing. Elsevier},
  year={2005}
}

@article{powers2011evaluation,
  title={Evaluation: from precision, recall and F-measure to ROC, informedness, markedness and correlation},
  author={Powers, David Martin},
  year={2011},
  publisher={Bioinfo Publications}
}

@article{stehman1997selecting,
  title={Selecting and interpreting measures of thematic classification accuracy},
  author={Stehman, Stephen V},
  journal={Remote sensing of Environment},
  volume={62},
  number={1},
  pages={77--89},
  year={1997},
  publisher={Elsevier}
}

@article{altman1994diagnostic,
  title={Diagnostic tests. 1: Sensitivity and specificity.},
  author={Altman, Douglas G and Bland, J Martin},
  journal={BMJ: British Medical Journal},
  volume={308},
  number={6943},
  pages={1552},
  year={1994},
  publisher={BMJ Group}
}

@misc{gonzalez2002digital,
  title={Digital image processing},
  author={Gonzalez, Rafael C and Woods, Richard E},
  year={2002},
  publisher={Prentice hall Upper Saddle River, NJ:}
}

@article{sengee2010image,
  title={Image contrast enhancement using bi-histogram equalization with neighborhood metrics},
  author={Sengee, Nyamlkhagva and Sengee, Altansukh and Choi, Heung-Kook},
  journal={Consumer Electronics, IEEE Transactions on},
  volume={56},
  number={4},
  pages={2727--2734},
  year={2010},
  publisher={IEEE}
}

@inproceedings{patel2014comparative,
  title={Comparative analysis of Histogram Equalization techniques},
  author={Patel, Surabhi and Goswami, Mausumi},
  booktitle={Contemporary Computing and Informatics (IC3I), 2014 International Conference on},
  pages={167--168},
  year={2014},
  organization={IEEE}
}

@article{raju2013comparative,
  title={A comparative analysis of histogram equalization based techniques for contrast enhancement and brightness preserving},
  author={Raju, A and others},
  year={2013},
  publisher={Citeseer}
}

@book{schalkoff1989digital,
  title={Digital image processing and computer vision},
  author={Schalkoff, Robert J},
  volume={286},
  year={1989},
  publisher={Wiley New York}
}

@inproceedings{zuiderveld1994contrast,
  title={Contrast limited adaptive histogram equalization},
  author={Zuiderveld, Karel},
  booktitle={Graphics gems IV},
  pages={474--485},
  year={1994},
  organization={Academic Press Professional, Inc.}
}

@article{kim1997contrast,
  title={Contrast enhancement using brightness preserving bi-histogram equalization},
  author={Kim, Yeong-Taeg},
  journal={Consumer Electronics, IEEE Transactions on},
  volume={43},
  number={1},
  pages={1--8},
  year={1997},
  publisher={IEEE}
}

@article{wang1999image,
  title={Image enhancement based on equal area dualistic sub-image histogram equalization method},
  author={Wang, Yu and Chen, Qian and Zhang, Baomin},
  journal={Consumer Electronics, IEEE Transactions on},
  volume={45},
  number={1},
  pages={68--75},
  year={1999},
  publisher={IEEE}
}

@article{chen2003minimum,
  title={Minimum mean brightness error bi-histogram equalization in contrast enhancement},
  author={Chen, Soong-Der and Ramli, Abd Rahman},
  journal={Consumer Electronics, IEEE Transactions on},
  volume={49},
  number={4},
  pages={1310--1319},
  year={2003},
  publisher={IEEE}
}

@article{chen2003contrast,
  title={Contrast enhancement using recursive mean-separate histogram equalization for scalable brightness preservation},
  author={Chen, Soong-Der and Ramli, Abd Rahman},
  journal={Consumer Electronics, IEEE Transactions on},
  volume={49},
  number={4},
  pages={1301--1309},
  year={2003},
  publisher={IEEE}
}

@article{sim2007recursive,
  title={Recursive sub-image histogram equalization applied to gray scale images},
  author={Sim, KS and Tso, CP and Tan, YY},
  journal={Pattern Recognition Letters},
  volume={28},
  number={10},
  pages={1209--1221},
  year={2007},
  publisher={Elsevier}
}

@article{menotti2007multi,
  title={Multi-histogram equalization methods for contrast enhancement and brightness preserving},
  author={Menotti, David and Najman, Laurent and Facon, Jacques and De Araujo, AA},
  journal={Consumer Electronics, IEEE Transactions on},
  volume={53},
  number={3},
  pages={1186--1194},
  year={2007},
  publisher={IEEE}
}

@article{zuo2013range,
  title={Range limited bi-histogram equalization for image contrast enhancement},
  author={Zuo, Chao and Chen, Qian and Sui, Xiubao},
  journal={Optik-International Journal for Light and Electron Optics},
  volume={124},
  number={5},
  pages={425--431},
  year={2013},
  publisher={Elsevier}
}

@article{wang2006real,
  title={A real-time contrast enhancement algorithm for infrared images based on plateau histogram},
  author={Wang, Bing-jian and Liu, Shang-Qian and Li, Qing and Zhou, Hui-Xin},
  journal={Infrared Physics \& Technology},
  volume={48},
  number={1},
  pages={77--82},
  year={2006},
  publisher={Elsevier}
}

@article{vickers1996plateau,
  title={Plateau equalization algorithm for real-time display of high-quality infrared imagery},
  author={Vickers, Virgil E},
  journal={Optical engineering},
  volume={35},
  number={7},
  pages={1921--1926},
  year={1996},
  publisher={International Society for Optics and Photonics}
}

@article{song2008new,
  title={New enhancement algorithm for infrared image based on double plateaus histogram [J]},
  author={Song, Yan-feng and Shao, Xiao-peng and Xu, Jun},
  journal={Infrared and Laser Engineering},
  volume={2},
  pages={029},
  year={2008}
}

@article{lin2011approach,
  title={An approach to adaptive infrared image enhancement for long-range surveillance},
  author={Lin, Chih-Lung},
  journal={Infrared Physics \& Technology},
  volume={54},
  number={2},
  pages={84--91},
  year={2011},
  publisher={Elsevier}
}

@inproceedings{deshpande1999max,
  title={Max-mean and max-median filters for detection of small targets},
  author={Deshpande, Suyog D and Meng, H Er and Venkateswarlu, Ronda and Chan, Philip},
  booktitle={SPIE's International Symposium on Optical Science, Engineering, and Instrumentation},
  pages={74--83},
  year={1999},
  organization={International Society for Optics and Photonics}
}

@article{hadhoud1988two,
  title={The two-dimensional adaptive LMS (TDLMS) algorithm},
  author={Hadhoud, Mohiy M and Thomas, David W},
  journal={Circuits and Systems, IEEE Transactions on},
  volume={35},
  number={5},
  pages={485--494},
  year={1988},
  publisher={IEEE}
}

@book{haralock1991computer,
  title={Computer and robot vision},
  author={Haralock, Robert M and Shapiro, Linda G},
  year={1991},
  publisher={Addison-Wesley Longman Publishing Co., Inc.}
}

@article{ashiba2008homomorphic,
  title={Homomorphic enhancement of infrared images using the additive wavelet transform},
  author={Ashiba, Huda Ibrahim and Awadalla, Kamal Hassan and El-Halfawy, Said Mohammad and Abd El-Samie, Fathi El-Sayed},
  journal={Progress In Electromagnetics Research C},
  volume={1},
  pages={123--130},
  year={2008},
  publisher={EMW Publishing}
}

@article{zhao2011fuzzy,
  title={The fuzzy nonlinear enhancement algorithm of infrared image based on curvelet transform},
  author={Zhao, Jingchao and Qu, Shiru},
  journal={Procedia Engineering},
  volume={15},
  pages={3754--3758},
  year={2011},
  publisher={Elsevier}
}

@book{dougherty2003hands,
  title={Hands-on morphological image processing},
  author={Dougherty, Edward R and Lotufo, Roberto A and The International Society for Optical Engineering SPIE},
  volume={71},
  year={2003},
  publisher={SPIE press Bellingham}
}

@book{serra1983image,
  title={Image analysis and mathematical morphology},
  author={Serra, Jean},
  year={1983},
  publisher={Academic Press, Inc.}
}

@article{bai2010enhancement,
  title={Enhancement of dim small target through modified top-hat transformation under the condition of heavy clutter},
  author={Bai, Xiangzhi and Zhou, Fugen and Jin, Ting},
  journal={Signal Processing},
  volume={90},
  number={5},
  pages={1643--1654},
  year={2010},
  publisher={Elsevier}
}

@article{bai2010analysis,
  title={Analysis of new top-hat transformation and the application for infrared dim small target detection},
  author={Bai, Xiangzhi and Zhou, Fugen},
  journal={Pattern Recognition},
  volume={43},
  number={6},
  pages={2145--2156},
  year={2010},
  publisher={Elsevier}
}

@article{bai2011infrared,
  title={Infrared image enhancement through contrast enhancement by using multiscale new top-hat transform},
  author={Bai, Xiangzhi and Zhou, Fugen and Xue, Bindang},
  journal={Infrared Physics \& Technology},
  volume={54},
  number={2},
  pages={61--69},
  year={2011},
  publisher={Elsevier}
}

@article{bai2013multiscale,
  title={Multiscale top-hat selection transform based infrared and visual image fusion with emphasis on extracting regions of interest},
  author={Bai, Xiangzhi and Chen, Xiaowu and Zhou, Fugen and Liu, Zhaoying and Xue, Bindang},
  journal={Infrared Physics \& Technology},
  volume={60},
  pages={81--93},
  year={2013},
  publisher={Elsevier}
}

@article{oliveira2008multiscale,
  title={A multiscale directional operator and morphological tools for reconnecting broken ridges in fingerprint images},
  author={Oliveira, MA and Leite, Neucimar Jer{\^o}nimo},
  journal={Pattern Recognition},
  volume={41},
  number={1},
  pages={367--377},
  year={2008},
  publisher={Elsevier}
}
@inproceedings{achanta2009frequency,
  title={Frequency-tuned salient region detection},
  author={Achanta, Ravi and Hemami, Sheila and Estrada, Francisco and Susstrunk, Sabine},
  booktitle={Computer vision and pattern recognition, 2009. cvpr 2009. ieee conference on},
  pages={1597--1604},
  year={2009},
  organization={IEEE}
}

@article{zhao2014fast,
  title={Fast image enhancement using multi-scale saliency extraction in infrared imagery},
  author={Zhao, Jufeng and Chen, Yueting and Feng, Huajun and Xu, Zhihai and Li, Qi},
  journal={Optik-International Journal for Light and Electron Optics},
  volume={125},
  number={15},
  pages={4039--4042},
  year={2014},
  publisher={Elsevier}
}

@article{negied2015pedestrians,
  title={Pedestrians’ detection in thermal bands--Critical survey},
  author={Negied, Nermin K and Hemayed, Elsayed E and Fayek, Magda B},
  journal={Journal of Electrical Systems and Information Technology},
  volume={2},
  number={2},
  pages={141--148},
  year={2015},
  publisher={Elsevier}
}

@article{bai2011survey,
  title={Survey on dim small target detection in clutter background: wavelet, inter-frame and filter based algorithms},
  author={Bai, Xiangzhi and Zhang, Shan and Du, Binbin and Liu, Zhaoying and Jin, Ting and Xue, Bindang and Zhou, Fugen},
  journal={Procedia Engineering},
  volume={15},
  pages={479--483},
  year={2011},
  publisher={Elsevier}
}

@article{geronimo2010survey,
  title={Survey of pedestrian detection for advanced driver assistance systems},
  author={Geronimo, David and Lopez, Antonio M and Sappa, Angel D and Graf, Thorsten},
  journal={Pattern Analysis and Machine Intelligence, IEEE Transactions on},
  volume={32},
  number={7},
  pages={1239--1258},
  year={2010},
  publisher={IEEE}
}

@inproceedings{askar2002background,
  title={Background clutter suppression and dim moving point targets detection using nonparametric method},
  author={Askar, H and Li, Xiaofeng and Li, Xiaofeng},
  booktitle={Communications, Circuits and Systems and West Sino Expositions, IEEE 2002 International Conference on},
  volume={2},
  pages={982--986},
	year={2002},
  organization={IEEE}
}

@article{zhao2015robust,
  title={Robust pedestrian detection in thermal infrared imagery using a shape distribution histogram feature and modified sparse representation classification},
  author={Zhao, Xinyue and He, Zaixing and Zhang, Shuyou and Liang, Dong},
  journal={Pattern Recognition},
  volume={48},
  number={6},
  pages={1947--1960},
  year={2015},
  publisher={Elsevier}
}

@inproceedings{li2011skrwm,
  title={SKRWM based descriptor for pedestrian detection in thermal images},
  author={Li, Zelin and Wu, Qiang and Zhang, Jian and Geers, Glenn},
  booktitle={Multimedia Signal Processing (MMSP), 2011 IEEE 13th International Workshop on},
  pages={1--6},
  year={2011},
  organization={IEEE}
}

@article{heikkila2006texture,
  title={A texture-based method for modeling the background and detecting moving objects},
  author={Heikkil{\"a}, Marko and Pietik{\"a}inen, Matti},
  journal={Pattern Analysis and Machine Intelligence, IEEE Transactions on},
  volume={28},
  number={4},
  pages={657--662},
  year={2006},
  publisher={IEEE}
}

@inproceedings{li2012effective,
  title={An effective approach to pedestrian detection in thermal imagery},
  author={Li, Wei and Zheng, Dequan and Zhao, Tiejun and Yang, Mengda},
  booktitle={Natural Computation (ICNC), 2012 Eighth International Conference on},
  pages={325--329},
  year={2012},
  organization={IEEE}
}


@article{zhao2013real,
  title={Real-time automatic small target detection using saliency extraction and morphological theory},
  author={Zhao, Jufeng and Feng, Huajun and Xu, Zhihai and Li, Qi and Peng, Hai},
  journal={Optics \& Laser Technology},
  volume={47},
  pages={268--277},
  year={2013},
  publisher={Elsevier}
}

@article{mouliadaptive,
  title={An Adaptive Pedestrian Detection in Infrared Images based on Saliency Map},
  author={Mouli, PVSSR Chandra and Bothra, Nandita},
	pages={119--125},
  year={2014},
  publisher={Elsevier}
}

@inproceedings{davis2005two,
  title={A two-stage template approach to person detection in thermal imagery},
  author={Davis, James W and Keck, Mark A},
  booktitle={null},
  pages={364--369},
  year={2005},
  organization={IEEE}
}

@article{yoo2014scale,
  title={Scale-invariant template matching using histogram of dominant gradients},
  author={Yoo, Jisung and Hwang, Sung Soo and Kim, Seong Dae and Ki, Myung Seok and Cha, Jihun},
  journal={Pattern Recognition},
  volume={47},
  number={9},
  pages={3006--3018},
  year={2014},
  publisher={Elsevier}
}

@article{liu2012infrared,
  title={Infrared point target detection with improved template matching},
  author={Liu, Ruiming and Lu, Yanhong and Gong, Chenglong and Liu, Yang},
  journal={Infrared Physics \& Technology},
  volume={55},
  number={4},
  pages={380--387},
  year={2012},
  publisher={Elsevier}
}

@article{wang2009infrared,
  title={Infrared small target detection using directional highpass filters based on LS-SVM},
  author={Wang, Peng and Tian, JW and Gao, Ch Q},
  journal={Electronics letters},
  volume={45},
  number={3},
  pages={156--158},
  year={2009},
  publisher={IET}
}

@article{bae2011small,
  title={Small target detection using bilateral filter and temporal cross product in infrared images},
  author={Bae, Tae-Wuk},
  journal={Infrared Physics \& Technology},
  volume={54},
  number={5},
  pages={403--411},
  year={2011},
  publisher={Elsevier}
}

@article{shao2012improved, 
  title={An improved infrared dim and small target detection algorithm based on the contrast mechanism of human visual system},
  author={Shao, Xiaopeng and Fan, Hua and Lu, Guangxu and Xu, Jun},
  journal={Infrared Physics \& Technology},
  volume={55},
  number={5},
  pages={403--408},
  year={2012},
  publisher={Elsevier}
}

@article{bai2010infrared,
  title={Infrared small target enhancement and detection based on modified top-hat transformations},
  author={Bai, Xiangzhi and Zhou, Fugen},
  journal={Computers \& Electrical Engineering},
  volume={36},
  number={6},
  pages={1193--1201},
  year={2010},
  publisher={Elsevier}
}


@article{davis2007background,
  title={Background-subtraction using contour-based fusion of thermal and visible imagery},
  author={Davis, James W and Sharma, Vinay},
  journal={Computer Vision and Image Understanding},
  volume={106},
  number={2},
  pages={162--182},
  year={2007},
  publisher={Elsevier}
}

@article{miezianko2005terravic,
  title={Terravic research infrared database},
  author={Miezianko, Roland},
  journal={IEEE OTCBVS WS Series Bench. IEEE},
  year={2005}
}

@inproceedings{rajkumar2015pedestrian,
  title={Pedestrian detection in infrared images using local thresholding},
  author={Rajkumar, S and Mouli, PVSSR},
  booktitle={Electronics and Communication Systems (ICECS), 2015 2nd International Conference on},
  pages={259--263},
  year={2015},
  organization={IEEE}
}

@misc{davis2007otcbvs,
  title={OTCBVS benchmark dataset collection},
  author={Davis, James W and Sharma, V},
  journal={2007)[2009]. http://www. cse. ohio-state. edu/otcbvs-bench},
  year={2007}
}

@article{pal1981image,
  title={Image enhancement using smoothing with fuzzy sets},
  author={Pal, Sankar K and King, R and others},
  journal={IEEE TRANS. SYS., MAN, AND CYBER.},
  volume={11},
  number={7},
  pages={494--500},
	doi={10.1109/TSMC.1981.4308726},
  year={1981}
}

@article{hanmandlu1996new,
  title={A new fuzzy logic based image enhancement.},
  author={Hanmandlu, M and Tandon, SN and Mir, AH},
  journal={Biomedical sciences instrumentation},
  volume={33},
  pages={590--595},
  year={1996}
}

@article{hassanien2003comparative,
  title={A comparative study on digital mamography enhancement algorithms based on fuzzy theory},
  author={Hassanien, Aboul Ella and Badr, Amr},
  journal={Studies in Informatics and Control},
  volume={12},
  number={1},
  pages={21--32},
  year={2003},
  publisher={INFORMATICS AND CONTROL PUBLICATIONS}
}

@article{rangasamyrole,
  title={Role of fuzzy and intuitionistic fuzzy contrast intensification operators in enhancing images},
  author={Rangasamy, Parvathi and Kuppannan, Jayanthi and Atanassov, Krassimir T and Gluhchev, George},
  journal={Notes on Intuitionistic Fuzzy Sets},
  volume={14},
  number={2},
  pages={59--66},
  year={2008},
}

@article{ghodkeimage,
  title={Image Enhancement Using Spatial Domain Techniques and Fuzzy Intensification Factor},
  author={Ghodke, VN and Ganorkar, SR},
	journal={International Journal of Emerging Technology and Advanced Engineering},
  volume={3},
  number={10},
  pages={430--435},
  year={2013},
}

@article{wang2013target,
  title={Target detection and pedestrian recognition in infrared images},
  author={Wang, Jiabao and Zhang, Yafei and Lu, Jianjiang and Li, Yang},
  journal={Journal of Computers},
  volume={8},
  number={4},
  pages={1050--1057},
  year={2013}
}

@article{kim2009small, 
  title={Small target detection utilizing robust methods of the human visual system for IRST},
  author={Kim, Sungho and Yang, Yukyung and Lee, Joohyoung and Park, Yongchan},
  journal={Journal of Infrared, Millimeter, and Terahertz Waves},
  volume={30},
  number={9},
  pages={994--1011},
  year={2009},
  publisher={Springer}
}

@article{hosking1998moments,
  title={L-Moments},
  author={Hosking, Jonathan RM},
  journal={Encyclopedia of statistical sciences},
  year={1990},
  publisher={Wiley Online Library}
}

@article{hosking1992moments,
  title={Moments or L moments? An example comparing two measures of distributional shape},
  author={Hosking, JRM},
  journal={The American Statistician},
  volume={46},
  number={3},
  pages={186--189},
  year={1992},
  publisher={Taylor \& Francis Group}
}

@article{hosking2006characterization,
  title={On the characterization of distributions by their L-moments},
  author={Hosking, JRM},
  journal={Journal of Statistical Planning and Inference},
  volume={136},
  number={1},
  pages={193--198},
  year={2006},
  publisher={Elsevier}
}

@article{longbotham1989theory,
  title={Theory of order statistic filters and their relationship to linear FIR filters},
  author={Longbotham, Harold G and Bovik, Alan C},
  journal={Acoustics, Speech and Signal Processing, IEEE Transactions on},
  volume={37},
  number={2},
  pages={275--287},
  year={1989},
  publisher={IEEE}
}

@inproceedings{mittal2012making,
  title={Making image quality assessment robust},
  author={Mittal, Anish and Moorthy, Anush K and Bovik, Alan C},
  booktitle={Signals, Systems and Computers (ASILOMAR), 2012 Conference Record of the Forty Sixth Asilomar Conference on},
  pages={1718--1722},
  year={2012},
  organization={IEEE}
}

@inproceedings{jabid2010local,
  title={Local directional pattern (LDP) for face recognition},
  author={Jabid, Taskeed and Kabir, Md Hasanul and Chae, Oksam},
  booktitle={2010 Digest of Technical Papers International Conference on Consumer Electronics (ICCE)},
  year={2010}
}

@article{liu2010image,
  title={Image retrieval based on multi-texton histogram},
  author={Liu, Guang-Hai and Zhang, Lei and Hou, Ying-Kun and Li, Zuo-Yong and Yang, Jing-Yu},
  journal={Pattern Recognition},
  volume={43},
  number={7},
  pages={2380--2389},
  year={2010},
  publisher={Elsevier}
}

@article{liu2011image,
  title={Image retrieval based on micro-structure descriptor},
  author={Liu, Guang-Hai and Li, Zuo-Yong and Zhang, Lei and Xu, Yong},
  journal={Pattern Recognition},
  volume={44},
  number={9},
  pages={2123--2133},
  year={2011},
  publisher={Elsevier}
}

@article{liu2008image,
  title={Image retrieval based on the texton co-occurrence matrix},
  author={Liu, Guang-Hai and Yang, Jing-Yu},
  journal={Pattern Recognition},
  volume={41},
  number={12},
  pages={3521--3527},
  year={2008},
  publisher={Elsevier}
}

@article{wang2013novel,
  title={A novel method for image retrieval based on structure elements’ descriptor},
  author={Wang, Xingyuan and Wang, Zongyu},
  journal={Journal of Visual Communication and Image Representation},
  volume={24},
  number={1},
  pages={63--74},
  year={2013},
  publisher={Elsevier}
}

@article{dubey2015rotation,
  title={Rotation and scale invariant hybrid image descriptor and retrieval},
  author={Dubey, Shiv Ram and Singh, Satish Kumar and Singh, Rajat Kumar},
  journal={Computers \& Electrical Engineering},
  year={2015},
  publisher={Elsevier}
}

@inproceedings{dalal2005histograms,
  title={Histograms of oriented gradients for human detection},
  author={Dalal, Navneet and Triggs, Bill},
  booktitle={Computer Vision and Pattern Recognition, 2005. CVPR 2005. IEEE Computer Society Conference on},
  volume={1},
  pages={886--893},
  year={2005},
  organization={IEEE}
}

@inproceedings{lv2010water,
  title={Water extraction in SAR images using GLCM and Support Vector Machine},
  author={Lv, Wentao and Yu, Qiuze and Yu, Wenxian},
  booktitle={Signal Processing (ICSP), 2010 IEEE 10th International Conference on},
  pages={740--743},
  year={2010},
  organization={IEEE}
}

@article{fang2004shape,
  title={A shape-independent method for pedestrian detection with far-infrared images},
  author={Fang, Yajun and Yamada, Keiichi and Ninomiya, Yoshiki and Horn, Berthold KP and Masaki, Ichiro},
  journal={Vehicular Technology, IEEE Transactions on},
  volume={53},
  number={6},
  pages={1679--1697},
  year={2004},
  publisher={IEEE}
}
